<?xml version="1.0" encoding="UTF-8"?><record xmlns="http://www.loc.gov/MARC21/slim" xmlns:cinclude="http://apache.org/cocoon/include/1.0" xmlns:zs="http://www.loc.gov/zing/srw/">
  <leader>00354nz  a2200121n  4500</leader>
  <controlfield tag="001">n  99051343 </controlfield>
  <controlfield tag="003">DLC</controlfield>
  <controlfield tag="005">19990714135248.5</controlfield>
  <controlfield tag="008">990714n| acannaabn          |n aaa |||  </controlfield>
  <datafield tag="010" ind1=" " ind2=" ">
    <subfield code="a">n  99051343 </subfield>
  </datafield>
  <datafield tag="040" ind1=" " ind2=" ">
    <subfield code="a">DLC</subfield>
    <subfield code="b">eng</subfield>
    <subfield code="c">DLC</subfield>
  </datafield>
  <datafield tag="100" ind1="1" ind2=" ">
    <subfield code="a">Hubbard, Bertha May,</subfield>
    <subfield code="d">1880-1981</subfield>
  </datafield>
  <datafield tag="670" ind1=" " ind2=" ">
    <subfield code="a">Hubbard genealogy, 1594-1997, 1999:</subfield>
    <subfield code="b">t.p. (Bertha May Hubbard) p. 145 (1880-1981)</subfield>
  </datafield>
</record>